@online{intellij,
    title     = "Intellij IDEA code inspections",
    url       = "https://www.jetbrains.com/help/idea/code-inspection.html"
}
@online{checkstyle,
    title     = "Checkstyle",
    url       = "http://checkstyle.sourceforge.net"
}
@online{findbugs,
    title     = "FindBugs",
    url       = "https://github.com/findbugsproject/findbugs"
}
@online{spotbugs,
    title     = "SpotBugs",
    url       = "https://spotbugs.github.io"
}
@online{errorprone,
    title     = "ErrorProne",
    url       = "https://github.com/google/error-prone"
}
@online{androidlint,
    title     = "Android Lint",
    url       = "https://developer.android.com/studio/write/lint.html"
}
@online{detekt,
    title     = "Detekt",
    url       = "https://github.com/arturbosch/detekt"
}
@online{strictmode,
    title     = "StrictMode",
    url       = "https://developer.android.com/reference/android/os/StrictMode.html"
}
@online{leakcanary,
    title     = "LeakCanary",
    url       = "https://github.com/square/leakcanary"
}
